@book{hcverma,
	author= "H C Verma",
	title= "Concepts of Physics",
	volume = "1",
}
@book{resnick,
	author= "Resnick and Halliday",
	title= "Fundamentals of Physics",
	volume="1",
}
@book{kleppner,
	author= "Kleppner and Kolenkow",
	title= "An Introduction to Mechanics",
	publisher= "McGraw Hill"
}
